% This file was created with JabRef 2.10b2.
% Encoding: UTF-8


@Book{armstrong1998basic,
  Title                    = {Basic linear geostatistics},
  Author                   = {Armstrong, Margaret},
  Publisher                = {Springer Science \& Business Media},
  Year                     = {1998}
}

@PhdThesis{boisvertanisotropy,
  Title                    = {Geostatistics with locally varying anisotropy},
  Author                   = {Jeffery Brian Boisvert},
  School                   = {University of Alberta},
  Year                     = {2010},

  Owner                    = {rolo},
  Timestamp                = {2016.07.20}
}

@MastersThesis{boisvert,
  Title                    = {Mineral deposit modeling with pseudo-genetically constructed training images},
  Author                   = {Jeffery Brian Boisvert},
  School                   = {University of Alberta},
  Year                     = {2007},

  Owner                    = {rolo},
  Timestamp                = {2016.07.20}
}

@InProceedings{chiles2004modelling,
  Title                    = {Modelling the geometry of geological units and its uncertainty in 3D from structural data: the potential-field method},
  Author                   = {Chilès, Jean-Paul and Aug, Christophe and Guillen, Antonio and Lees, Terry},
  Booktitle                = {Proceedings of International Symposium on Orebody Modelling and Strategic Mine Planning, Perth, Australia},
  Year                     = {2004},
  Pages                    = {24},
  Volume                   = {22}
}

@Article{cowan2002rapid,
  Title                    = {Rapid geological modelling},
  Author                   = {Cowan, EJ and Beatson, RK and Fright, WR and McLennan, TJ and Mitchell, TJ},
  Journal                  = {Applied Structural Geology for Mineral Exploration and Mining, International Symposium},
  Year                     = {2002}
}

@InProceedings{cowan2003practical,
  Title                    = {Practical implicit geological modelling},
  Author                   = {Cowan, EJ and Beatson, RK and Ross, HJ and Fright, WR and McLennan, TJ and Evans, TR and Carr, JC and Lane, RG and Bright, DV and Gillman, AJ and others},
  Booktitle                = {Fifth International Mining Geology Conference},
  Year                     = {2003},
  Pages                    = {17--19}
}

@InProceedings{cowan2011wireframe,
  Title                    = {Wireframe-free geological modelling - An oxymoron or a value proposition},
  Author                   = {Cowan, EJ and Spragg, KJ and Everitt, MR},
  Booktitle                = {Eighth International Mining Geology Conference},
  Year                     = {2011},
  Organization             = {Australasian Institute of Mining and Metallurgy QueenstownMelbourne},
  Pages                    = {247--260}
}

@Article{deutschcoal,
  Title                    = {Modeling multiple coal seams using signed distance functions and global kriging},
  Author                   = {Deutsch, Clayton V and Wilde, Brandon J},
  Journal                  = {International Journal of Coal Geology},
  Year                     = {2013},
  Number                   = {112},
  Pages                    = {87--93},

  Owner                    = {rolo},
  Timestamp                = {2016.07.20}
}

@InCollection{smegeologicdata,
  Title                    = {Geological data collection},
  Author                   = {Erickson Jr., A, J},
  Booktitle                = {SME mining engineering handbook},
  Publisher                = {Society for Mining, Metallurgy, and Exploration, Inc.},
  Year                     = {2011},
  Chapter                  = {4.1},
  Editor                   = {Peter Darling},
  Pages                    = {144--159},

  Owner                    = {rolo},
  Timestamp                = {2016.07.20}
}

@InCollection{smegeologicmodeling,
  Title                    = {Geologic interpretation, modeling, and representation},
  Author                   = {Erickson Jr., A, J},
  Booktitle                = {SME mining engineering handbook},
  Publisher                = {Society for Mining, Metallurgy, and Exploration, Inc.},
  Year                     = {2011},
  Chapter                  = {4.2},
  Editor                   = {Peter Darling},
  Pages                    = {173--185},

  Owner                    = {rolo},
  Timestamp                = {2016.07.20}
}

@Book{goovaerts1997geostatistics,
  Title                    = {Geostatistics for natural resources evaluation},
  Author                   = {Goovaerts, Pierre},
  Publisher                = {Oxford University Press on Demand},
  Year                     = {1997}
}

@Book{houlding,
  Title                    = {3D Geoscience Modeling: Computer Techniques for Geological Characterization},
  Author                   = {Houlding, W., Simon},
  Publisher                = {Springer-Verlag Berlin Heidelberg},
  Year                     = {1994},
  Edition                  = {1},

  ISBN                     = {978-3-642-79014-0,978-3-642-79012-6}
}

@Book{isaaks1989applied,
  Title                    = {Applied geostatistics},
  Author                   = {Isaaks, Edward H and Srivastava, R, Mohan},
  Publisher                = {Oxford University Press},
  Year                     = {1989},
  Number                   = {551.72 I86}
}

@Article{jones1993subsurface,
  Title                    = {Subsurface characterization with solid models},
  Author                   = {Jones, Norman L and Wright, Stephen G},
  Journal                  = {Journal of geotechnical engineering},
  Year                     = {1993},
  Number                   = {11},
  Pages                    = {1823--1839},
  Volume                   = {119},

  Publisher                = {American Society of Civil Engineers}
}

@Book{journel1978mining,
  Title                    = {Mining geostatistics},
  Author                   = {Journel, Andre G and Huijbregts, Ch J},
  Publisher                = {Academic press},
  Year                     = {1978}
}

@Article{lemon2003building,
  Title                    = {Building solid models from boreholes and user-defined cross-sections},
  Author                   = {Lemon, Alan M and Jones, Norman L},
  Journal                  = {Computers \& Geosciences},
  Year                     = {2003},
  Number                   = {5},
  Pages                    = {547--555},
  Volume                   = {29},

  Publisher                = {Elsevier}
}

@Book{mallet,
  Title                    = {Geomodeling},
  Author                   = {Mallet, J., L.},
  Publisher                = {Oxford},
  Year                     = {2002},
  Edition                  = {1},
  Series                   = {Applied Geostatistics Series},

  ISBN                     = {0195144600,9780195144604}
}

@Book{matheron1971theory,
  Title                    = {The theory of regionalized variables and its applications},
  Author                   = {Matheron, Georges},
  Publisher                = {Ècole national supèrieure des mines},
  Year                     = {1971},
  Volume                   = {5}
}

@Book{matheron1965variables,
  Title                    = {Les variables r{\'e}gionalis{\'e}es et leur estimation: une application de la th{\'e}orie des fonctions al{\'e}atoires aux sciences de la nature},
  Author                   = {Matheron, Georges},
  Publisher                = {Masson et CIE},
  Year                     = {1965}
}

@PhdThesis{maureira,
  Title                    = {Enhanced geologic modeling with data-driven training images for improved resources and recoverable reserves},
  Author                   = {Daniel Maureira Andrés Silva},
  School                   = {University of Alberta},
  Year                     = {2015},

  Owner                    = {rolo},
  Timestamp                = {2016.07.20}
}

@Book{mccullagh,
  Title                    = {Generalized linear models},
  Author                   = {McCullagh, Peter and Nelder, John A},
  Publisher                = {Chapman and Hall},
  Year                     = {1989},

  Owner                    = {rolo},
  Timestamp                = {2016.07.20}
}

@PhdThesis{mclennan,
  Title                    = {The decision of stationarity},
  Author                   = {Jason A. McLennan},
  School                   = {University of Alberta},
  Year                     = {2007},

  Owner                    = {rolo},
  Timestamp                = {2016.07.20}
}

@Article{mclennan2006implicit,
  Title                    = {Implicit boundary modeling (boundsim)},
  Author                   = {McLennan, Jason A and Deutsch, Clayton V},
  Journal                  = {CCG Annual Report},
  Year                     = {2006}
}

@Article{neufeld,
  Title                    = {A global kriging program for artifact-free maps},
  Author                   = {Neufeld, Chad and Wilde, Brandon},
  Journal                  = {CCG Annual Report},
  Year                     = {2005},
  Pages                    = {403--1},
  Volume                   = {7}
}

@InCollection{smenoble,
  Title                    = {Mineral resources estimation},
  Author                   = {Noble, Alan, C},
  Booktitle                = {SME mining engineering handbook},
  Publisher                = {Society for Mining, Metallurgy, and Exploration, Inc.},
  Year                     = {2011},
  Chapter                  = {4.5},
  Editor                   = {Peter Darling},
  Pages                    = {203--217},

  Owner                    = {rolo},
  Timestamp                = {2016.07.20}
}

@Book{osher,
  Title                    = {Level set methods and dynamic implicit surfaces},
  Author                   = {Stanley Osher and Ronald Fedkiw},
  Publisher                = {Springer-Verlag New York, Inc.},
  Year                     = {2003},

  Owner                    = {rolo},
  Timestamp                = {2016.07.20}
}

@InProceedings{savchenko,
  Title                    = {Function representation of solids reconstructed from scattered surface points and contours},
  Author                   = {Savchenko, Vladimir V and Pasko, Alexander A and Okunev, Oleg G and Kunii, Tosiyasu L},
  Booktitle                = {Computer Graphics Forum},
  Year                     = {1995},
  Number                   = {4},
  Organization             = {Wiley Online Library},
  Pages                    = {181--188},
  Volume                   = {14}
}

@Book{sinclair2002applied,
  Title                    = {Applied mineral inventory estimation},
  Author                   = {Sinclair, Alastair J and Blackwell, Garston H},
  Publisher                = {Cambridge University Press},
  Year                     = {2002}
}

@Article{strebelle,
  Title                    = {Conditional simulation of complex geological structures using multiple-point statistics},
  Author                   = {Sebastien Strebelle},
  Journal                  = {Mathematical Geology},
  Year                     = {2002},

  Owner                    = {rolo},
  Timestamp                = {2016.07.20}
}

@article{hardy1971multiquadric,
  title={Multiquadric equations of topography and other irregular surfaces},
  author={Hardy, Rolland L},
  journal={Journal of geophysical research},
  volume={76},
  number={8},
  pages={1905--1915},
  year={1971},
  publisher={Wiley Online Library}
}

@incollection{journel1989imaging,
  title={Imaging of spatial uncertainty: a non-Gaussian approach},
  author={Journel, AG},
  booktitle={Geostatistical, sensitivity, and uncertainty methods for ground-water flow and radionuclide transport modeling. Proceedings},
  year={1989}
}

@article{hardy1990theory,
  title={Theory and applications of the multiquadric-biharmonic method 20 years of discovery 1968--1988},
  author={Hardy, Rolland L},
  journal={Computers \& Mathematics with Applications},
  volume={19},
  number={8-9},
  pages={163--208},
  year={1990},
  publisher={Elsevier}
}

@book{deutsch1998geostatistical,
  title={Geostatistical software library and user’s guide},
  author={Deutsch, Clayton V and Journel, AG and others},
  Publisher={Oxford University Press, New York},
  year={1998}
}

@article{journel1984conditional,
  title={Conditional indicator simulation: application to a Saskatchewan uranium deposit},
  author={Journel, AG and Isaaks, EH},
  journal={Journal of the International Association for Mathematical Geology},
  volume={16},
  number={7},
  pages={685--718},
  year={1984},
  publisher={Springer}
}

@book{journel1989fundamentals,
  title={Fundamentals of geostatistics in five lessons},
  author={Journel, Andre G},
  volume={8},
  year={1989},
  publisher={American Geophysical Union Washington, DC}
}

@phdthesis{deutsch1992annealing,
  title={Annealing techniques applied to reservoir modeling and the integration of geological and engineering (well test) data},
  author={Deutsch, Clayton Vernon},
  year={1992},
  school={stanford university}
}

@incollection{guardiano1993multivariate,
  title={Multivariate geostatistics: beyond bivariate moments},
  author={Guardiano, Felipe B and Srivastava, R Mohan},
  booktitle={Geostatistics Troia’92},
  pages={133--144},
  year={1993},
  publisher={Springer}
}

@incollection{galli1994pros,
  title={The pros and cons of the truncated Gaussian method},
  author={Galli, A and Beucher, H and Le Loc’h, G and Doligez, B and others},
  booktitle={Geostatistical simulations},
  pages={217--233},
  year={1994},
  publisher={Springer}
}

@book{mallet2002geomodeling,
  title={Geomodeling},
  author={Mallet, Jean-Laurent Laurent},
  year={2002},
  publisher={Oxford University Press, Inc.}
}

@article{calcagno2008geological,
  title={Geological modelling from field data and geological knowledge: Part I. Modelling method coupling 3D potential-field interpolation and geological rules},
  author={Calcagno, Philippe and Chil{\`e}s, Jean-Paul and Courrioux, Gabriel and Guillen, Antonio},
  journal={Physics of the Earth and Planetary Interiors},
  volume={171},
  number={1},
  pages={147--157},
  year={2008},
  publisher={Elsevier}
}

@inproceedings{renard2013modeling,
  title={Modeling the geometry of a mineral deposit domain with a Potential Field},
  author={Renard, Didier and Wagner, Laurent and Chil{\`e}s, Jean-Paul and Vann, John and Deraisme, Jacques},
  booktitle={36th APCOM},
  pages={Modeling--the},
  year={2013}
}

@book{hustrulid2013open,
  title={Open Pit Mine Planning and Design, Two Volume Set \& CD-ROM Pack},
  author={Hustrulid, William A and Kuchta, Mark and Martin, Randall K},
  year={2013},
  publisher={CRC Press}
}

@article{journel1983nonparametric,
  title={Nonparametric estimation of spatial distributions},
  author={Journel, Andre G},
  journal={Journal of the International Association for Mathematical Geology},
  volume={15},
  number={3},
  pages={445--468},
  year={1983},
  publisher={Springer}
}

@article{bridge1979simulation,
  title={A simulation model of alluvial stratigraphy},
  author={Bridge, John S and Leeder, Michael R},
  journal={Sedimentology},
  volume={26},
  number={5},
  pages={617--644},
  year={1979},
  publisher={Wiley Online Library}
}

@article{pyrcz2005stochastic,
  title={Stochastic surface-based modeling of turbidite lobes},
  author={Pyrcz, Michael J and Catuneanu, Octavian and Deutsch, Clayton V},
  journal={AAPG bulletin},
  volume={89},
  number={2},
  pages={177--191},
  year={2005},
  publisher={American Association of Petroleum Geologists}
}

@mastersthesis{rasera2014estrati,
    title     = {Geoestatística de múltiplos pontos aplicada à simulação de modelos geológicos em grids estratigráficos},
    author    = {Rasera, Luiz Gustavo},
    school    = {Universidade Federal do Rio Grande do Sul - PPGE3M},
    year      = {2014},
}

@book{bloomenthal1997introduction,
  title={Introduction to implicit surfaces},
  author={Bloomenthal, Jules and Bajaj, Chandrajit},
  year={1997},
  publisher={Morgan Kaufmann}
}

@ELECTRONIC{leapfrogpredictions,
  title = {Predictions at locations where there are no measurements},
  author = {Lane, Richard},
  year = {2013},
  organization = {Leapfrog3d},
  note = {Artigo publicado no blog leapfrog3d},
  url =
  {http://blog.leapfrog3d.com/2013/11/19/the-connection-between-radial-basis-functions-rbfs-and-kriging/},
  urlaccessdate = {23-11-2016},
  owner = {marcelo},
  timestamp = {2011.01.15}
}

@ELECTRONIC{leapfrogfastrbf,
  title = {Leapfrog's fast RBF},
  author = {Leapfrog3d},
  year = {2015},
  organization = {Leapfrog3d},
  note = {Artigo publicado no blog leapfrog3d},
  url =
  {http://blog.leapfrog3d.com/2015/07/28/leapfrogs-fast-rbf/},
  urlaccessdate = {23-11-2016},
  owner = {marcelo},
  timestamp = {2011.01.15}
}

@ELECTRONIC{leapfrogbasics,
  title = {Leapfrog interpolation basics},
  author = {Spragg, kirk},
  year = {2013},
  organization = {Leapfrog3d},
  note = {Artigo publicado no blog leapfrog3d},
  url =
  {http://blog.leapfrog3d.com/2013/05/08/leapfrog-interpolation-basics/},
  urlaccessdate = {23-11-2016},
  owner = {marcelo},
  timestamp = {2011.01.15}
}

@ELECTRONIC{leapfroganisglobal,
  title = {Interpolation and anisotropy},
  author = {Spragg, kirk},
  year = {2013},
  organization = {Leapfrog3d},
  note = {Artigo publicado no blog leapfrog3d},
  url =
  {http://blog.leapfrog3d.com/2013/10/18/interpolation-and-anisotropy/},
  urlaccessdate = {23-11-2016},
  owner = {marcelo},
  timestamp = {2011.01.15}
}

@ELECTRONIC{leapfroginterpolant,
  title = {Interpolant function in leapfrog geo},
  author = {McLennan, Tim},
  year = {2013},
  organization = {Leapfrog3d},
  note = {Artigo publicado no blog leapfrog3d},
  url =
  {http://blog.leapfrog3d.com/2013/07/26/interpolant-functions-in-leapfrog-geo/},
  urlaccessdate = {23-11-2016},
  owner = {marcelo},
  timestamp = {2011.01.15}
}

@ELECTRONIC{leapfrogstructural,
  title = {Leapfrog's structural trend},
  author = {Joynt, Peter},
  year = {2014},
  organization = {Leapfrog3d},
  note = {Artigo publicado no blog leapfrog3d},
  url =
  {http://blog.leapfrog3d.com/2014/06/04/leapfrogs-structural-trend/},
  urlaccessdate = {23-11-2016},
  owner = {marcelo},
  timestamp = {2011.01.15}
}

@article{galli1984dual,
  title={Dual kriging-its properties and its uses in direct contouring},
  author={Galli, A and Murillo, E and Thomann, J},
  journal={Geostatistics for Natural Resources Characterization, Part 2},
  pages={621--634},
  year={1984}
}

@inproceedings{lorensen1987marching,
  title={Marching cubes: A high resolution 3D surface construction algorithm},
  author={Lorensen, William E and Cline, Harvey E},
  booktitle={ACM siggraph computer graphics},
  volume={21},
  number={4},
  pages={163--169},
  year={1987},
  organization={ACM}
}

@InProceedings{silvaanddeutschccgcorrecting,
  Title                    = {Correcting distance function models to correct proportions},
  Author                   = {Silva, DA and Deutsch, CV},
  Booktitle                = {CCG Annual Report},
  Year                     = {2013},
  %Pages                    = {}
}

@InProceedings{silvaanddeutschccgmodeling,
  Title                    = {Modeling multiple rock types with distance functions: methodology and software},
  Author                   = {Silva, DA and Deutsch, CV},
  Booktitle                = {CCG Annual Report},
  Year                     = {2012},
  %Pages                    = {}
}

@InProceedings{wildedeutschcalibrate,
  Title                    = {A new way to calibrate distance function uncertainty},
  Author                   = {Wilde, BJ and Deutsch, CV},
  Booktitle                = {CCG Annual Report},
  Year                     = {2011},
  %Pages                    = {}
}

@ELECTRONIC{silvageostatlessons,
  title = {Signed distance function modeling with multiple categories},
  author = {Silva, DA},
  year = {2015},
  organization = {CCG - Alberta},
  note = {Artigo publicado no site geostatisticslessons.com},
  url = {http://www.geostatisticslessons.com/lessons/signeddistancefunctions},
  urlaccessdate = {28-12-2016},
  owner = {marcelo},
  timestamp = {2011.01.15}
}

@inproceedings{munroe2012methodology,
  title={A Methodology for Calculating Tonnage Uncertainty in Vein-Type Deposits},
  author={Munroe, Michael J},
  booktitle={Masters Abstracts International},
  volume={51},
  number={03},
  year={2012}
}

@article{strebelle2000sequential,
  title={Sequential simulation drawing structures from training images},
  author={Str{\'e}belle, S{\'e}bastien and Journel, AG},
  year={2000},
  publisher={Stanford University California}
}